@article{zou2021nonsynonymous,
  title={Are nonsynonymous transversions generally more deleterious than nonsynonymous transitions?},
  author={Zou, Zhengting and Zhang, Jianzhi},
  journal={Molecular biology and evolution},
  volume={38},
  number={1},
  pages={181--191},
  year={2021},
  publisher={Oxford University Press}
}

@article{katoh2013mafft,
  title={MAFFT multiple sequence alignment software version 7: improvemenfts in performance and usability},
  author={Katoh, Kazutaka and Standley, Daron M},
  journal={Molecular biology and evolution},
  volume={30},
  number={4},
  pages={772--780},
  year={2013},
  publisher={Society for Molecular Biology and Evolution}
}

@article{kristensen2016atgc,
  title={ATGC database and ATGC-COGs: an updated resource for micro-and macro-evolutionary studies of prokaryotic genomes and protein family annotation},
  author={Kristensen, David M and Wolf, Yuri I and Koonin, Eugene V},
  journal={Nucleic acids research},
  pages={gkw934},
  year={2016},
  publisher={Oxford University Press}
}

@article{ranwez2011macse,
  title={MACSE: Multiple Alignment of Coding SEquences accounting for frameshifts and stop codons},
  author={Ranwez, Vincent and Harispe, S{\'e}bastien and Delsuc, Fr{\'e}d{\'e}ric and Douzery, Emmanuel JP},
  journal={PloS one},
  volume={6},
  number={9},
  pages={e22594},
  year={2011},
  publisher={Public Library of Science}
}

@article{holmes2002expectation,
  title={An expectation maximization algorithm for training hidden substitution models},
  author={Holmes, I and Rubin, GM},
  journal={Journal of molecular biology},
  volume={317},
  number={5},
  pages={753--764},
  year={2002},
  publisher={Elsevier}
}

@article{muse1994likelihood,
  title={A likelihood approach for comparing synonymous and nonsynonymous nucleotide substitution rates, with application to the chloroplast genome.},
  author={Muse, Spencer V and Gaut, Brandon S},
  journal={Molecular biology and evolution},
  volume={11},
  number={5},
  pages={715--724},
  year={1994}
}

@article{tavare1986some,
  title={Some probabilistic and statistical problems in the analysis of DNA sequences},
  author={Tavar{\'e}, Simon and others},
  journal={Lectures on mathematics in the life sciences},
  volume={17},
  number={2},
  pages={57--86},
  year={1986}
}

@article{goldman1994codon,
  title={A codon-based model of nucleotide substitution for protein-coding DNA sequences.},
  author={Goldman, Nick and Yang, Ziheng},
  journal={Molecular biology and evolution},
  volume={11},
  number={5},
  pages={725--736},
  year={1994}
}



@article{rodrigue2008bayesian,
  title={Bayesian comparisons of codon substitution models},
  author={Rodrigue, Nicolas and Lartillot, Nicolas and Philippe, Herv{\'e}},
  journal={Genetics},
  volume={180},
  number={3},
  pages={1579--1591},
  year={2008},
  publisher={Oxford University Press}
}

@article{sung2012drift,
  title={Drift-barrier hypothesis and mutation-rate evolution},
  author={Sung, Way and Ackerman, Matthew S and Miller, Samuel F and Doak, Thomas G and Lynch, Michael},
  journal={Proceedings of the National Academy of Sciences},
  volume={109},
  number={45},
  pages={18488--18492},
  year={2012},
  publisher={National Acad Sciences}
}

@article{shastry2007snps,
  title={SNPs in disease gene mapping, medicinal drug development and evolution},
  author={Shastry, Barkur S},
  journal={Journal of human genetics},
  volume={52},
  number={11},
  pages={871--880},
  year={2007},
  publisher={Springer}
}

@article{crow2000origins,
  title={The origins, patterns and implications of human spontaneous mutation},
  author={Crow, James F},
  journal={Nature Reviews Genetics},
  volume={1},
  number={1},
  pages={40--47},
  year={2000},
  publisher={Nature Publishing Group}
}

@article{dayhoff197822,
  title={22 a model of evolutionary change in proteins},
  author={Dayhoff, M and Schwartz, R and Orcutt, B},
  journal={Atlas of protein sequence and structure},
  volume={5},
  pages={345--352},
  year={1978},
  publisher={National biomedical research foundation Silver Spring, MD, USA}
}

@article{yang2008mutation,
  title={Mutation-selection models of codon substitution and their use to estimate selective strengths on codon usage},
  author={Yang, Ziheng and Nielsen, Rasmus},
  journal={Molecular biology and evolution},
  volume={25},
  number={3},
  pages={568--579},
  year={2008},
  publisher={Society for Molecular Biology and Evolution}
}

@article{felsenstein1981evolutionary,
  title={Evolutionary trees from DNA sequences: a maximum likelihood approach},
  author={Felsenstein, Joseph},
  journal={Journal of molecular evolution},
  volume={17},
  number={6},
  pages={368--376},
  year={1981},
  publisher={Springer}
}

@book{karlin2014first,
  title={A first course in stochastic processes},
  author={Karlin, Samuel},
  year={2014},
  publisher={Academic press}
}

@article{lio1998models,
  title={Models of molecular evolution and phylogeny},
  author={Li{\`o}, Pietro and Goldman, Nick},
  journal={Genome research},
  volume={8},
  number={12},
  pages={1233--1244},
  year={1998},
  publisher={Cold Spring Harbor Lab}
}

@article{dempster1977maximum,
  title={Maximum likelihood from incomplete data via the EM algorithm},
  author={Dempster, Arthur P and Laird, Nan M and Rubin, Donald B},
  journal={Journal of the Royal Statistical Society: Series B (Methodological)},
  volume={39},
  number={1},
  pages={1--22},
  year={1977},
  publisher={Wiley Online Library}
}

@inproceedings{brown1993using,
  title={Using Dirichlet mixture priors to derive hidden Markov models for protein families.},
  author={Brown, Michael and Hughey, Richard and Krogh, Anders and Mian, I Saira and Sj{\"o}lander, Kimmen and Haussler, David},
  booktitle={Ismb},
  volume={1},
  pages={47--55},
  year={1993}
}

@book{durbin1998biological,
  title={Biological sequence analysis: probabilistic models of proteins and nucleic acids},
  author={Durbin, Richard and Eddy, Sean R and Krogh, Anders and Mitchison, Graeme},
  year={1998},
  publisher={Cambridge university press}
}

@article{yu1979convergente,
  title={THE CONVERGENTE PROPERTY OF THE SIMPLEX EVOLUTIONARY TECHNIQUE},
  author={yu wenci},
  journal={Scientia Sinica (in Chinese)},
  volume={9},
  number={S1},
  pages={69--77},
  year={1979},
  publisher={Science China Press}
}

@article{kosiol2007empirical,
  title={An empirical codon model for protein sequence evolution},
  author={Kosiol, Carolin and Holmes, Ian and Goldman, Nick},
  journal={Molecular biology and evolution},
  volume={24},
  number={7},
  pages={1464--1479},
  year={2007},
  publisher={Oxford University Press}
}

@article{wu1983convergence,
  title={On the convergence properties of the EM algorithm},
  author={Wu, CF Jeff},
  journal={The Annals of statistics},
  pages={95--103},
  year={1983},
  publisher={JSTOR}
}

@article{sela2016theory,
  title={Theory of prokaryotic genome evolution},
  author={Sela, Itamar and Wolf, Yuri I and Koonin, Eugene V},
  journal={Proceedings of the National Academy of Sciences},
  volume={113},
  number={41},
  pages={11399--11407},
  year={2016},
  publisher={National Acad Sciences}
}

@article{charlesworth2020long,
  title={How long does it take to fix a favorable mutation, and why should we care?},
  author={Charlesworth, Brian},
  journal={The American Naturalist},
  volume={195},
  number={5},
  pages={753--771},
  year={2020},
  publisher={The University of Chicago Press Chicago, IL}
}

@article{baker2012novo,
  title={De novo genome assembly: what every biologist should know},
  author={Baker, Monya},
  journal={Nature methods},
  volume={9},
  number={4},
  pages={333--337},
  year={2012},
  publisher={Nature Publishing Group}
}

@article{studer2009confident,
  title={How confident can we be that orthologs are similar, but paralogs differ?},
  author={Studer, Romain A and Robinson-Rechavi, Marc},
  journal={Trends in Genetics},
  volume={25},
  number={5},
  pages={210--216},
  year={2009},
  publisher={Elsevier}
}

@article{wang2016prediction,
  title={Prediction and estimation of effective population size},
  author={Wang, J and Santiago, E and Caballero, Armando},
  journal={Heredity},
  volume={117},
  number={4},
  pages={193--206},
  year={2016},
  publisher={Nature Publishing Group}
}

@article{ochman2003neutral,
  title={Neutral mutations and neutral substitutions in bacterial genomes},
  author={Ochman, Howard},
  journal={Molecular biology and evolution},
  volume={20},
  number={12},
  pages={2091--2096},
  year={2003},
  publisher={Oxford University Press}
}

@article{comeron2008hill,
  title={The Hill--Robertson effect: evolutionary consequences of weak selection and linkage in finite populations},
  author={Comeron, Josep M and Williford, A and Kliman, RM},
  journal={Heredity},
  volume={100},
  number={1},
  pages={19--31},
  year={2008},
  publisher={Nature Publishing Group}
}

@article{hoffman2007estimating,
  title={Estimating the neutral rate of nucleotide substitution using introns},
  author={Hoffman, Michael M and Birney, Ewan},
  journal={Molecular biology and evolution},
  volume={24},
  number={2},
  pages={522--531},
  year={2007},
  publisher={Oxford University Press}
}

@article{berry1981town,
  title={Town mouse, country mouse: adaptation and adaptability in Mus domesticus (M. musculus domesticus)},
  author={Berry, Robert James},
  journal={Mammal Review},
  volume={11},
  number={3},
  pages={91--136},
  year={1981},
  publisher={Wiley Online Library}
}

@article{hancock2011adaptation,
  title={Adaptation to climate across the Arabidopsis thaliana genome},
  author={Hancock, Angela M and Brachi, Benjamin and Faure, Nathalie and Horton, Matthew W and Jarymowycz, Lucien B and Sperone, F Gianluca and Toomajian, Chris and Roux, Fabrice and Bergelson, Joy},
  journal={Science},
  volume={334},
  number={6052},
  pages={83--86},
  year={2011},
  publisher={American Association for the Advancement of Science}
}

@article{holmes2005using,
  title={Using evolutionary expectation maximization to estimate indel rates},
  author={Holmes, Ian},
  journal={Bioinformatics},
  volume={21},
  number={10},
  pages={2294--2300},
  year={2005},
  publisher={Oxford University Press}
}

@article{matthee2007indel,
  title={Indel evolution of mammalian introns and the utility of non-coding nuclear markers in eutherian phylogenetics},
  author={Matthee, Conrad A and Eick, Geeta and Willows-Munro, Sandi and Montgelard, Claudine and Pardini, Amanda T and Robinson, Terence J},
  journal={Molecular phylogenetics and evolution},
  volume={42},
  number={3},
  pages={827--837},
  year={2007},
  publisher={Elsevier}
}

@article{jukes1969evolution,
  title={Evolution of protein molecules},
  author={Jukes, Thomas H and Cantor, Charles R and others},
  journal={Mammalian protein metabolism},
  volume={3},
  pages={21--132},
  year={1969}
}

@article{kimura1980simple,
  title={A simple method for estimating evolutionary rates of base substitutions through comparative studies of nucleotide sequences},
  author={Kimura, Motoo},
  journal={Journal of molecular evolution},
  volume={16},
  number={2},
  pages={111--120},
  year={1980},
  publisher={Springer}
}


@article{suchard2001bayesian,
  title={Bayesian selection of continuous-time Markov chain evolutionary models},
  author={Suchard, Marc A and Weiss, Robert E and Sinsheimer, Janet S},
  journal={Molecular biology and evolution},
  volume={18},
  number={6},
  pages={1001--1013},
  year={2001},
  publisher={Oxford University Press}
}

@article{meng2016method,
  title={Method for computation of the fisher information matrix in the Expectation-Maximization algorithm},
  author={Meng, Lingyao},
  journal={arXiv preprint arXiv:1608.01734},
  year={2016}
}

@article{uzzell1971fitting,
  title={Fitting discrete probability distributions to evolutionary events},
  author={Uzzell, Thomas and Corbin, Kendall W},
  journal={Science},
  volume={172},
  number={3988},
  pages={1089--1096},
  year={1971},
  publisher={American Association for the Advancement of Science}
}

@book{felsenstein2004inferring,
  title={Inferring phylogenies},
  author={Felsenstein, Joseph and Felenstein, Joseph},
  volume={2},
  year={2004},
  publisher={Sinauer associates Sunderland, MA}
}

@book{liberles2007ancestral,
  title={Ancestral sequence reconstruction},
  author={Liberles, David A},
  year={2007},
  publisher={Oxford University Press on Demand}
}

@article{huelsenbeck2004bayesian,
  title={Bayesian estimation of positively selected sites},
  author={Huelsenbeck, John P and Dyer, Kelly A},
  journal={Journal of Molecular Evolution},
  volume={58},
  number={6},
  pages={661--672},
  year={2004},
  publisher={Springer}
}

@article{yang2007paml,
  title={PAML 4: phylogenetic analysis by maximum likelihood},
  author={Yang, Ziheng},
  journal={Molecular biology and evolution},
  volume={24},
  number={8},
  pages={1586--1591},
  year={2007},
  publisher={Oxford University Press}
}

@incollection{pond2005hyphy,
  title={HyPhy: hypothesis testing using phylogenies},
  author={Pond, Sergei L Kosakovsky and Muse, Spencer V},
  booktitle={Statistical methods in molecular evolution},
  pages={125--181},
  year={2005},
  publisher={Springer}
}

@techreport{more1982newton,
  title={Newton's method},
  author={Mor{\'e}, Jorge J and Sorensen, Danny C},
  year={1982},
  institution={Argonne National Lab., IL (USA)}
}

@article{schneider2009estimates,
  title={Estimates of positive Darwinian selection are inflated by errors in sequencing, annotation, and alignment},
  author={Schneider, Adrian and Souvorov, Alexander and Sabath, Niv and Landan, Giddy and Gonnet, Gaston H and Graur, Dan},
  journal={Genome biology and evolution},
  volume={1},
  pages={114--118},
  year={2009},
  publisher={Oxford Academic}
}

@article{simpson2014exploring,
  title={Exploring genome characteristics and sequence quality without a reference},
  author={Simpson, Jared T},
  journal={Bioinformatics},
  volume={30},
  number={9},
  pages={1228--1235},
  year={2014},
  publisher={Oxford University Press}
}

@article{smith2021new,
  title={New approaches for inferring phylogenies in the presence of paralogs},
  author={Smith, Megan L and Hahn, Matthew W},
  journal={Trends in Genetics},
  volume={37},
  number={2},
  pages={174--187},
  year={2021},
  publisher={Elsevier}
}

@incollection{couvreur1997algorithm,
  title={The EM algorithm: A guided tour},
  author={Couvreur, Christophe},
  booktitle={Computer intensive methods in control and signal processing},
  pages={209--222},
  year={1997},
  publisher={Springer}
}
