@article{miklos2004long,
  title={A “long indel” model for evolutionary sequence alignment},
  author={Mikl{\'o}s, Istv{\'a}n and Lunter, Gerton A and Holmes, Ian},
  journal={Molecular Biology and Evolution},
  volume={21},
  number={3},
  pages={529--540},
  year={2004},
  publisher={Oxford University Press}
}

@article{ophir1997patterns,
  title={Patterns and rates of indel evolution in processed pseudogenes from humans and murids},
  author={Ophir, Ron and Graur, Dan},
  journal={Gene},
  volume={205},
  number={1-2},
  pages={191--202},
  year={1997},
  publisher={Elsevier}
}

@article{zhang2003patterns,
  title={Patterns of nucleotide substitution, insertion and deletion in the human genome inferred from pseudogenes},
  author={Zhang, Zhaolei and Gerstein, Mark},
  journal={Nucleic acids research},
  volume={31},
  number={18},
  pages={5338--5348},
  year={2003},
  publisher={Oxford University Press}
}

@article{gu1995size,
  title={The size distribution of insertions and deletions in human and rodent pseudogenes suggests the logarithmic gap penalty for sequence alignment},
  author={Gu, Xun and Li, Wen-Hsiung},
  journal={Journal of molecular evolution},
  volume={40},
  number={4},
  pages={464--473},
  year={1995},
  publisher={Springer}
}

@article{van2014ten,
  title={Ten years of next-generation sequencing technology},
  author={Van Dijk, Erwin L and Auger, H{\'e}l{\`e}ne and Jaszczyszyn, Yan and Thermes, Claude},
  journal={Trends in genetics},
  volume={30},
  number={9},
  pages={418--426},
  year={2014},
  publisher={Elsevier}
}

@article{zhang2003patterns,
  title={Patterns of nucleotide substitution, insertion and deletion in the human genome inferred from pseudogenes},
  author={Zhang, Zhaolei and Gerstein, Mark},
  journal={Nucleic acids research},
  volume={31},
  number={18},
  pages={5338--5348},
  year={2003},
  publisher={Oxford University Press}
}

@article{tao2007patterns,
  title={Patterns of insertion and deletion in mammalian genomes},
  author={Tao, Shiheng and Fan, Yanhui and Wang, Wenjuan and Ma, Guoji and Liang, Lijing and Shi, Qi},
  journal={Current Genomics},
  volume={8},
  number={6},
  pages={370--378},
  year={2007},
  publisher={Bentham Science Publishers}
}

@article{ranwez2011macse,
  title={MACSE: Multiple Alignment of Coding SEquences accounting for frameshifts and stop codons},
  author={Ranwez, Vincent and Harispe, S{\'e}bastien and Delsuc, Fr{\'e}d{\'e}ric and Douzery, Emmanuel JP},
  journal={PloS one},
  volume={6},
  number={9},
  pages={e22594},
  year={2011},
  publisher={Public Library of Science San Francisco, USA}
}