@article{keightley2018inferring,
  title={Inferring the probability of the derived vs. the ancestral allelic state at a polymorphic site},
  author={Keightley, Peter D and Jackson, Benjamin C},
  journal={Genetics},
  volume={209},
  number={3},
  pages={897--906},
  year={2018},
  publisher={Genetics Soc America}
}

@article{katoh2005mafft,
  title={MAFFT version 5: improvement in accuracy of multiple sequence alignment},
  author={Katoh, Kazutaka and Kuma, Kei-ichi and Toh, Hiroyuki and Miyata, Takashi},
  journal={Nucleic acids research},
  volume={33},
  number={2},
  pages={511--518},
  year={2005},
  publisher={Oxford University Press}
}

@article{loytynoja2008phylogeny,
  title={Phylogeny-aware gap placement prevents errors in sequence alignment and evolutionary analysis},
  author={L{\"o}ytynoja, Ari and Goldman, Nick},
  journal={Science},
  volume={320},
  number={5883},
  pages={1632--1635},
  year={2008},
  publisher={American Association for the Advancement of Science}
}

@article{cartwright2009,
  title={Problems and solutions for estimating indel rates and length distributions},
  author={Cartwright, Reed A},
  journal={Molecular biology and evolution},
  volume={26},
  number={2},
  pages={473--480},
  year={2009},
  publisher={Oxford University Press}
}

@article{saitou1989relative,
  title={Relative efficiencies of the Fitch-Margoliash, maximum-parsimony, maximum-likelihood, minimum-evolution, and neighbor-joining methods of phylogenetic tree construction in obtaining the correct tree},
  author={Saitou, Naruya and Imanishi, Tadashi},
  year={1989}
}

@article{kunkel2004dna,
  title={DNA replication fidelity},
  author={Kunkel, Thomas A},
  journal={Journal of Biological Chemistry},
  volume={279},
  number={17},
  pages={16895--16898},
  year={2004},
  publisher={ASBMB}
}

@article{ajawatanawong2013evolution,
  title={Evolution of protein indels in plants, animals and fungi},
  author={Ajawatanawong, Pravech and Baldauf, Sandra L},
  journal={BMC evolutionary biology},
  volume={13},
  number={1},
  pages={1--15},
  year={2013},
  publisher={BioMed Central}
}

@article{cozzone2002proteins,
  title={Proteins: Fundamental chemical properties},
  author={Cozzone, Alain J},
  journal={Encyclopedia of Life Sciences. No month listedâ€”2002. John Wiley \& Sons Ltd},
  pages={1--10},
  year={2002}
}

@article{furuno2003cds,
  title={CDS annotation in full-length cDNA sequence},
  author={Furuno, Masaaki and Kasukawa, Takeya and Saito, Rintaro and Adachi, Jun and Suzuki, Harukazu and Baldarelli, Richard and Hayashizaki, Yoshihide and Okazaki, Yasushi},
  journal={Genome research},
  volume={13},
  number={6b},
  pages={1478--1487},
  year={2003},
  publisher={Cold Spring Harbor Lab}
}

@article{schneider2009estimates,
  title={Estimates of positive Darwinian selection are inflated by errors in sequencing, annotation, and alignment},
  author={Schneider, Adrian and Souvorov, Alexander and Sabath, Niv and Landan, Giddy and Gonnet, Gaston H and Graur, Dan},
  journal={Genome biology and evolution},
  volume={1},
  pages={114--118},
  year={2009},
  publisher={Oxford Academic}
}

@misc{sung2016evolution,
  title={Evolution of the insertion-deletion mutation rate across the tree of life. G3 (Bethesda) 6: 2583--2591},
  author={Sung, W and Ackerman, MS and Dillon, MM and Platt, TG and Fuqua, C and Cooper, VS and Lynch, M},
  year={2016}
}

@article{kosiol2007empirical,
  title={An empirical codon model for protein sequence evolution},
  author={Kosiol, Carolin and Holmes, Ian and Goldman, Nick},
  journal={Molecular biology and evolution},
  volume={24},
  number={7},
  pages={1464--1479},
  year={2007},
  publisher={Oxford University Press}
}

@article{taylor2004occurrence,
  title={Occurrence and consequences of coding sequence insertions and deletions in Mammalian genomes},
  author={Taylor, Martin S and Ponting, Chris P and Copley, Richard R},
  journal={Genome research},
  volume={14},
  number={4},
  pages={555--566},
  year={2004},
  publisher={Cold Spring Harbor Lab}
}


@article{nei1986simple,
  title={Simple methods for estimating the numbers of synonymous and nonsynonymous nucleotide substitutions.},
  author={Nei, Masatoshi and Gojobori, Takashi},
  journal={Molecular biology and evolution},
  volume={3},
  number={5},
  pages={418--426},
  year={1986}
}

@article{chang2004empirical,
  title={Empirical analysis of protein insertions and deletions determining parameters for the correct placement of gaps in protein sequence alignments},
  author={Chang, Mike SS and Benner, Steven A},
  journal={Journal of molecular biology},
  volume={341},
  number={2},
  pages={617--631},
  year={2004},
  publisher={Elsevier}
}

@article{zou2021nonsynonymous,
  title={Are nonsynonymous transversions generally more deleterious than nonsynonymous transitions?},
  author={Zou, Zhengting and Zhang, Jianzhi},
  journal={Molecular biology and evolution},
  volume={38},
  number={1},
  pages={181--191},
  year={2021},
  publisher={Oxford University Press}
}

@article{erickson2010jukes,
  title={The jukes-cantor model of molecular evolution},
  author={Erickson, Keith},
  journal={Primus},
  volume={20},
  number={5},
  pages={438--445},
  year={2010},
  publisher={Taylor \& Francis}
}

@article{nei1986simple,
  title={Simple methods for estimating the numbers of synonymous and nonsynonymous nucleotide substitutions.},
  author={Nei, Masatoshi and Gojobori, Takashi},
  journal={Molecular biology and evolution},
  volume={3},
  number={5},
  pages={418--426},
  year={1986}
}

@article{de2007dna,
  title={DNA indels in coding regions reveal selective constraints on protein evolution in the human lineage},
  author={de la Chaux, Nicole and Messer, Philipp W and Arndt, Peter F},
  journal={BMC evolutionary biology},
  volume={7},
  number={1},
  pages={1--12},
  year={2007},
  publisher={Springer}
}

@article{hu2013sift,
  title={SIFT Indel: predictions for the functional effects of amino acid insertions/deletions in proteins},
  author={Hu, Jing and Ng, Pauline C},
  journal={PloS one},
  volume={8},
  number={10},
  pages={e77940},
  year={2013},
  publisher={Public Library of Science San Francisco, USA}
}

@article{zhao2013ddig,
  title={DDIG-in: discriminating between disease-associated and neutral non-frameshifting micro-indels},
  author={Zhao, Huiying and Yang, Yuedong and Lin, Hai and Zhang, Xinjun and Mort, Matthew and Cooper, David N and Liu, Yunlong and Zhou, Yaoqi},
  journal={Genome biology},
  volume={14},
  number={3},
  pages={1--13},
  year={2013},
  publisher={Springer}
}

@article{kapli2020phylogenetic,
  title={Phylogenetic tree building in the genomic age},
  author={Kapli, Paschalia and Yang, Ziheng and Telford, Maximilian J},
  journal={Nature Reviews Genetics},
  volume={21},
  number={7},
  pages={428--444},
  year={2020},
  publisher={Nature Publishing Group}
}

@book{lynch2007origins,
  title={The origins of genome architecture},
  author={Lynch, Michael and Walsh, Bruce},
  volume={98},
  year={2007},
  publisher={Sinauer Associates Sunderland, MA}
}

@article{sjodin2010insertion,
  title={Insertion and deletion processes in recent human history},
  author={Sj{\"o}din, Per and Bataillon, Thomas and Schierup, Mikkel H},
  journal={PLoS One},
  volume={5},
  number={1},
  pages={e8650},
  year={2010},
  publisher={Public Library of Science San Francisco, USA}
}

@article{kvikstad2007macaque,
  title={A macaque's-eye view of human insertions and deletions: differences in mechanisms},
  author={Kvikstad, Erika M and Tyekucheva, Svitlana and Chiaromonte, Francesca and Makova, Kateryna D},
  journal={PLoS computational biology},
  volume={3},
  number={9},
  pages={e176},
  year={2007},
  publisher={Public Library of Science San Francisco, USA}
}

@article{springer2003placental,
  title={Placental mammal diversification and the Cretaceous--Tertiary boundary},
  author={Springer, Mark S and Murphy, William J and Eizirik, Eduardo and O'Brien, Stephen J},
  journal={Proceedings of the National Academy of Sciences},
  volume={100},
  number={3},
  pages={1056--1061},
  year={2003},
  publisher={National Acad Sciences}
}

@article{gregory2004insertion,
  title={Insertion--deletion biases and the evolution of genome size},
  author={Gregory, T Ryan},
  journal={Gene},
  volume={324},
  pages={15--34},
  year={2004},
  publisher={Elsevier}
}

@article{montoya2003recombination,
  title={Recombination explains isochores in mammalian genomes},
  author={Montoya-Burgos, Juan Ignacio and Boursot, Pierre and Galtier, Nicolas},
  journal={Trends in genetics},
  volume={19},
  number={3},
  pages={128--130},
  year={2003},
  publisher={Elsevier}
}

@article{loewenthal2021probabilistic,
  title={A probabilistic model for indel evolution: differentiating insertions from deletions},
  author={Loewenthal, Gil and Rapoport, Dana and Avram, Oren and Moshe, Asher and Wygoda, Elya and Itzkovitch, Alon and Israeli, Omer and Azouri, Dana and Cartwright, Reed A and Mayrose, Itay and others},
  journal={Molecular biology and evolution},
  volume={38},
  number={12},
  pages={5769--5781},
  year={2021},
  publisher={Oxford University Press}
}
