@article{nei1986simple,
  title={Simple methods for estimating the numbers of synonymous and nonsynonymous nucleotide substitutions.},
  author={Nei, Masatoshi and Gojobori, Takashi},
  journal={Molecular biology and evolution},
  volume={3},
  number={5},
  pages={418--426},
  year={1986}
}

@article{zou2021nonsynonymous,
  title={Are nonsynonymous transversions generally more deleterious than nonsynonymous transitions?},
  author={Zou, Zhengting and Zhang, Jianzhi},
  journal={Molecular biology and evolution},
  volume={38},
  number={1},
  pages={181--191},
  year={2021},
  publisher={Oxford University Press}
}

@article{erickson2010jukes,
  title={The jukes-cantor model of molecular evolution},
  author={Erickson, Keith},
  journal={Primus},
  volume={20},
  number={5},
  pages={438--445},
  year={2010},
  publisher={Taylor \& Francis}
}

@article{zheng2018correlated,
  title={Correlated selection on amino acid deletion and replacement in mammalian protein sequences},
  author={Zheng, Yichen and Graur, Dan and Azevedo, Ricardo BR},
  journal={Journal of Molecular Evolution},
  volume={86},
  number={6},
  pages={365--378},
  year={2018},
  publisher={Springer}
}

@article{mugal2014time,
  title={Why time matters: codon evolution and the temporal dynamics of d N/d S},
  author={Mugal, Carina F and Wolf, Jochen BW and Kaj, Ingemar},
  journal={Molecular biology and evolution},
  volume={31},
  number={1},
  pages={212--231},
  year={2014},
  publisher={Oxford University Press}
}

@article{arenas2015trends,
  title={Trends in substitution models of molecular evolution},
  author={Arenas, Miguel},
  journal={Frontiers in genetics},
  volume={6},
  pages={319},
  year={2015},
  publisher={Frontiers Media SA}
}
