@article{holmes2005using,
  title={Using evolutionary expectation maximization to estimate indel rates},
  author={Holmes, Ian},
  journal={Bioinformatics},
  volume={21},
  number={10},
  pages={2294--2300},
  year={2005},
  publisher={Oxford University Press}
}

@article{knudsen2003sequence,
  title={Sequence alignments and pair hidden Markov models using evolutionary history},
  author={Knudsen, Bjarne and Miyamoto, Michael M},
  journal={Journal of molecular biology},
  volume={333},
  number={2},
  pages={453--460},
  year={2003},
  publisher={Elsevier}
}

@article{bouchard2013evolutionary,
  title={Evolutionary inference via the Poisson indel process},
  author={Bouchard-C{\^o}t{\'e}, Alexandre and Jordan, Michael I},
  journal={Proceedings of the National Academy of Sciences},
  volume={110},
  number={4},
  pages={1160--1166},
  year={2013},
  publisher={National Acad Sciences}
}

@article{cartwright2009problems,
  title={Problems and solutions for estimating indel rates and length distributions},
  author={Cartwright, Reed A},
  journal={Molecular biology and evolution},
  volume={26},
  number={2},
  pages={473--480},
  year={2009},
  publisher={Oxford University Press}
}

@article{maiolo2021propip,
  title={ProPIP: a tool for progressive multiple sequence alignment with Poisson Indel Process},
  author={Maiolo, Massimo and Gatti, Lorenzo and Frei, Diego and Leidi, Tiziano and Gil, Manuel and Anisimova, Maria},
  journal={BMC bioinformatics},
  volume={22},
  number={1},
  pages={1--12},
  year={2021},
  publisher={Springer}
}

@article{tao2007patterns,
  title={Patterns of insertion and deletion in mammalian genomes},
  author={Tao, Shiheng and Fan, Yanhui and Wang, Wenjuan and Ma, Guoji and Liang, Lijing and Shi, Qi},
  journal={Current Genomics},
  volume={8},
  number={6},
  pages={370--378},
  year={2007},
  publisher={Bentham Science Publishers}
}

@article{metzgar2002domain,
  title={Domain-level differences in microsatellite distribution and content result from different relative rates of insertion and deletion mutations},
  author={Metzgar, David and Liu, Li and Hansen, Christian and Dybvig, Kevin and Wills, Christopher},
  journal={Genome research},
  volume={12},
  number={3},
  pages={408--413},
  year={2002},
  publisher={Cold Spring Harbor Lab}
}

@article{gotoh1982improved,
  title={An improved algorithm for matching biological sequences},
  author={Gotoh, Osamu},
  journal={Journal of molecular biology},
  volume={162},
  number={3},
  pages={705--708},
  year={1982},
  publisher={Elsevier}
}

@article{muse1994likelihood,
  title={A likelihood approach for comparing synonymous and nonsynonymous nucleotide substitution rates, with application to the chloroplast genome.},
  author={Muse, Spencer V and Gaut, Brandon S},
  journal={Molecular biology and evolution},
  volume={11},
  number={5},
  pages={715--724},
  year={1994}
}

@article{tavare1986some,
  title={Some probabilistic and statistical problems in the analysis of DNA sequences},
  author={Tavar{\'e}, Simon and others},
  journal={Lectures on mathematics in the life sciences},
  volume={17},
  number={2},
  pages={57--86},
  year={1986}
}

@article{gillespie1977exact,
  title={Exact stochastic simulation of coupled chemical reactions},
  author={Gillespie, Daniel T},
  journal={The journal of physical chemistry},
  volume={81},
  number={25},
  pages={2340--2361},
  year={1977},
  publisher={ACS Publications}
}

@article{sipos2011phylosim,
  title={PhyloSim-Monte Carlo simulation of sequence evolution in the R statistical computing environment},
  author={Sipos, Botond and Massingham, Tim and Jordan, Gregory E and Goldman, Nick},
  journal={BMC bioinformatics},
  volume={12},
  number={1},
  pages={1--6},
  year={2011},
  publisher={BioMed Central}
}

@article{cartwright2005dna,
  title={DNA assembly with gaps (Dawg): simulating sequence evolution},
  author={Cartwright, Reed A},
  journal={Bioinformatics},
  volume={21},
  number={Suppl\_3},
  pages={iii31--iii38},
  year={2005},
  publisher={Oxford University Press}
}

@article{kloek1978bayesian,
  title={Bayesian estimates of equation system parameters: an application of integration by Monte Carlo},
  author={Kloek, Tuen and Van Dijk, Herman K},
  journal={Econometrica: Journal of the Econometric Society},
  pages={1--19},
  year={1978},
  publisher={JSTOR}
}

@article{taylor2004occurrence,
  title={Occurrence and consequences of coding sequence insertions and deletions in Mammalian genomes},
  author={Taylor, Martin S and Ponting, Chris P and Copley, Richard R},
  journal={Genome research},
  volume={14},
  number={4},
  pages={555--566},
  year={2004},
  publisher={Cold Spring Harbor Lab}
}

@article{de2007dna,
  title={DNA indels in coding regions reveal selective constraints on protein evolution in the human lineage},
  author={de la Chaux, Nicole and Messer, Philipp W and Arndt, Peter F},
  journal={BMC evolutionary biology},
  volume={7},
  number={1},
  pages={1--12},
  year={2007},
  publisher={Springer}
}

@article{hu2013sift,
  title={SIFT Indel: predictions for the functional effects of amino acid insertions/deletions in proteins},
  author={Hu, Jing and Ng, Pauline C},
  journal={PloS one},
  volume={8},
  number={10},
  pages={e77940},
  year={2013},
  publisher={Public Library of Science San Francisco, USA}
}

@article{choi2012predicting,
  title={Predicting the functional effect of amino acid substitutions and indels},
  author={Choi, Yongwook and Sims, Gregory E and Murphy, Sean and Miller, Jason R and Chan, Agnes P},
  year={2012},
  publisher={Public Library of Science San Francisco, USA}
}

@article{clarke20121000,
  title={The 1000 Genomes Project: data management and community access},
  author={Clarke, Laura and Zheng-Bradley, Xiangqun and Smith, Richard and Kulesha, Eugene and Xiao, Chunlin and Toneva, Iliana and Vaughan, Brendan and Preuss, Don and Leinonen, Rasko and Shumway, Martin and others},
  journal={Nature methods},
  volume={9},
  number={5},
  pages={459--462},
  year={2012},
  publisher={Nature Publishing Group}
}

@article{zhao2013ddig,
  title={DDIG-in: discriminating between disease-associated and neutral non-frameshifting micro-indels},
  author={Zhao, Huiying and Yang, Yuedong and Lin, Hai and Zhang, Xinjun and Mort, Matthew and Cooper, David N and Liu, Yunlong and Zhou, Yaoqi},
  journal={Genome biology},
  volume={14},
  number={3},
  pages={1--13},
  year={2013},
  publisher={Springer}
}

@article{thorne1991evolutionary,
  title={An evolutionary model for maximum likelihood alignment of DNA sequences},
  author={Thorne, Jeffrey L and Kishino, Hirohisa and Felsenstein, Joseph},
  journal={Journal of Molecular Evolution},
  volume={33},
  number={2},
  pages={114--124},
  year={1991},
  publisher={Springer}
}

@article{metzler2001assessing,
  title={Assessing variability by joint sampling of alignments and mutation rates},
  author={Metzler, Dirk and Flei{\ss}ner, Roland and Wakolbinger, Anton and von Haeseler, Arndt},
  journal={Journal of molecular evolution},
  volume={53},
  number={6},
  pages={660--669},
  year={2001},
  publisher={Springer}
}

@article{benner1993empirical,
  title={Empirical and structural models for insertions and deletions in the divergent evolution of proteins},
  author={Benner, Steven A and Cohen, Mark A and Gonnet, Gaston H},
  journal={Journal of molecular biology},
  volume={229},
  number={4},
  pages={1065--1082},
  year={1993},
  publisher={Elsevier}
}

@article{saitou1994evolutionary,
  title={Evolutionary rates of insertion and deletion in noncoding nucleotide sequences of primates.},
  author={Saitou, Naruya and Ueda, Shintaroh},
  journal={Molecular Biology and Evolution},
  volume={11},
  number={3},
  pages={504--512},
  year={1994}
}

@article{lunter2007probabilistic,
  title={Probabilistic whole-genome alignments reveal high indel rates in the human and mouse genomes},
  author={Lunter, Gerton},
  journal={Bioinformatics},
  volume={23},
  number={13},
  pages={i289--i296},
  year={2007},
  publisher={Oxford University Press}
}



